<record><leader>00000cas a2200000 a 4500</leader><controlfield tag="001">11946131</controlfield><controlfield tag="008">850422d19101915ksuwr ne      0    0eng d</controlfield><datafield ind1=" " ind2=" " tag="010"><subfield code="a">sn 85031251 </subfield></datafield><datafield ind1=" " ind2=" " tag="040"><subfield code="a">KSH</subfield><subfield code="b">eng</subfield><subfield code="c">KSH</subfield><subfield code="d">NPT</subfield><subfield code="d">OCL</subfield><subfield code="d">OCLCQ</subfield></datafield><datafield ind1=" " ind2=" " tag="042"><subfield code="a">msc</subfield></datafield><datafield ind1="0" ind2="4" tag="245"><subfield code="a">The Richfield monitor.</subfield></datafield><datafield ind1=" " ind2=" " tag="260"><subfield code="a">Richfield, Kan. :</subfield><subfield code="b">F.B. Van Gundy &amp; Son,</subfield><subfield code="c">1910-1915.</subfield></datafield><datafield ind1=" " ind2=" " tag="300"><subfield code="a">4 v. :</subfield><subfield code="b">ill. ;</subfield><subfield code="c">50 cm.</subfield></datafield><datafield ind1=" " ind2=" " tag="310"><subfield code="a">Weekly</subfield></datafield><datafield ind1="0" ind2=" " tag="362"><subfield code="a">Vol. 24, no. 4 (Feb. 26, 1910)-v. 28, no. 13 (Apr. 24, 1915).</subfield></datafield><datafield ind1=" " ind2=" " tag="500"><subfield code="a">Published by Ernest C. Wilson, Sept. 7, 1912-Apr. 24, 1915.</subfield></datafield><datafield ind1=" " ind2=" " tag="752"><subfield code="a">United States</subfield><subfield code="b">Kansas</subfield><subfield code="c">Morton</subfield><subfield code="d">Richfield.</subfield></datafield><datafield ind1="0" ind2="0" tag="780"><subfield code="t">Monitor (Richfield, Kan.)</subfield><subfield code="w">(DLC)sn 85031250</subfield></datafield><datafield ind1="0" ind2="0" tag="785"><subfield code="t">Elkhart news</subfield><subfield code="w">(DLC)sn 85031252</subfield></datafield></record>